@article{Bitcoin,
    author = {Satoshi Nakamoto},
    title = {{Bitcoin: A peer-to-peer electronic cash system}},
    year = {2008}
},
@InProceedings{10.1007/3-540-38424-3_32,
    author="Haber, Stuart
    and Stornetta, W. Scott",
    editor="Menezes, Alfred J.
    and Vanstone, Scott A.",
    title={{How to Time-Stamp a Digital Document}},
    booktitle="Advances in Cryptology-CRYPT0' 90",
    year="1991",
    publisher="Springer Berlin Heidelberg",
    address="Berlin, Heidelberg",
    pages="437--455",
    abstract="The prospect of a world in which all text, audio, picture, and video documents are in digital form on easily modifiable media raises the issue of how to certify when a document was created or last changed. The problem is to time-stamp the data, not the medium. We propose computationally practical procedures for digital time-stamping of such documents so that it is infeasible for a user either to back-date or to forward-date his document, even with the collusion of a time-stamping service. Our procedures maintain complete privacy of the documents themselves, and require no record-keeping by the time-stamping service.",
    isbn="978-3-540-38424-3"
},
@misc{Git,
    title={Git},
    author={Linus Torvalds},
    year={2005},
    url={https://git-scm.com/}
},
@misc{OcamlGit,
    title={{OCaml Git: Pure OCaml Git format and protocol}},
    url={https://github.com/mirage/ocaml-git}
},
@misc{Ethereum,
    title={{Ethereum's White Paper}},
    organisation={Ethereum Foundation},
    year={2014},
    url={https://github.com/ethereum/wiki/wiki/White-Paper}
},
@misc{Irmin,
    title={{Irmin: Git-like distributed, branchable storage}},
    author={Thomas Gazagnaire},
    url={https://mirage.io/blog/introducing-irmin},
    year={2014}
},
@misc{Ezirmin,
    title={{Ezirmin: An easy interface to the Irmin library}},
    author={KC Sivaramakrishnan},
    url={http://kcsrk.info/ocaml/irmin/crdt/2017/02/15/an-easy-interface-to-irmin-library/},
    year={2017}
},
@misc{ProofofStake,
    title={{Proof of Stake FAQ}},
    url={https://github.com/ethereum/wiki/wiki/Proof-of-Stake-FAQ}
},
@book{RealWorldOCaml,
  title={Real World OCaml},
  author={Hickey, J.},
  isbn={9781449324735},
  url={https://books.google.co.uk/books?id=awVlAQAACAAJ},
  year={2013},
  publisher={O'Reilly Media}
},
@manual{jbuilder,
    title={{jbuilder}},
    url={https://jbuilder.readthedocs.io/en/latest/overview.html}
},
@misc{GNUMake,
    title={{GNU Make}},
    url={https://www.gnu.org/software/make/}
},
@inproceedings{Lwt,
  title={Lwt: a cooperative thread library},
  author={Vouillon, J{\'e}r{\^o}me},
  booktitle={Proceedings of the 2008 ACM SIGPLAN workshop on ML},
  pages={3--12},
  year={2008},
  organization={ACM}
},
@misc{BitcoinEnergy,
    title={{Bitcoin Energy Consumption Index}},
    url={https://digiconomist.net/bitcoin-energy-consumption}
},
@article{Paxos,
    author = {Lamport, Leslie},
    title = {{The Part-time Parliament}},
    journal = {ACM Trans. Comput. Syst.},
    issue_date = {May 1998},
    volume = {16},
    number = {2},
    month = may,
    year = {1998},
    issn = {0734-2071},
    pages = {133--169},
    numpages = {37},
    url = {http://doi.acm.org/10.1145/279227.279229},
    doi = {10.1145/279227.279229},
    acmid = {279229},
    publisher = {ACM},
    address = {New York, NY, USA},
    keywords = {state machines, three-phase commit, voting},
},
@techreport{Replication,
  title={Specification of replication techniques, semi-passive replication and lazyt consensus},
  author={D{\'e}fago, Xavier and Schiper, Andr{\'e}},
  year={2002}
},
@inproceedings{ScalingBitcoin,
  title={On scaling decentralized blockchains},
  author={Croman, Kyle and Decker, Christian and Eyal, Ittay and Gencer, Adem Efe and Juels, Ari and Kosba, Ahmed and Miller, Andrew and Saxena, Prateek and Shi, Elaine and Sirer, Emin G{\"u}n and others},
  booktitle={International Conference on Financial Cryptography and Data Security},
  pages={106--125},
  year={2016},
  organization={Springer}
},
@article{Raft,
    author = {Ongaro, Diego and Ousterhout, John},
    title = {{In Search of an Understandable Consensus Algorithm}},
    booktitle = {Proceedings of the 2014 USENIX Conference on USENIX Annual Technical Conference},
    series = {USENIX ATC'14},
    year = {2014},
    isbn = {978-1-931971-10-2},
    location = {Philadelphia, PA},
    pages = {305--320},
    numpages = {16},
    url = {http://dl.acm.org/citation.cfm?id=2643634.2643666},
    acmid = {2643666},
    publisher = {USENIX Association},
    address = {Berkeley, CA, USA},
} 